<?xml version="1.0" encoding="UTF-8"?><collection xmlns="http://www.loc.gov/MARC21/slim"><record><leader>00531nam--2200169-i-4500</leader><controlfield tag="001">000010477</controlfield><controlfield tag="002">20161230</controlfield><controlfield tag="005">20161230201028</controlfield><controlfield tag="008">060222s1000------------r-----000-0-eng-d</controlfield><datafield ind1=" " ind2=" " tag="040"><subfield code="a">IFIN-HH</subfield></datafield><datafield ind1=" " ind2=" " tag="080"><subfield code="a">015. 539.144.4</subfield></datafield><datafield ind1="1" ind2=" " tag="100"><subfield code="a">Aveledo, Claude Enrique</subfield></datafield><datafield ind1="1" ind2="0" tag="245"><subfield code="a">Higher order deformations and electric monopole transitions in deformed nuclei</subfield><subfield code="b">Dissertation</subfield><subfield code="c">Claude enrique aveledo</subfield></datafield><datafield ind1=" " ind2=" " tag="260"><subfield code="a">Ann Arbor, Michigan</subfield><subfield code="b">University Microfilms</subfield><subfield code="c">1971</subfield></datafield><datafield ind1=" " ind2=" " tag="300"><subfield code="a">35 P</subfield></datafield><datafield ind1=" " ind2=" " tag="852"><subfield code="a">37836</subfield><subfield code="c">539.14</subfield></datafield><datafield ind1=" " ind2=" " tag="CAT"><subfield code="a">Sys</subfield><subfield code="c">20120328</subfield><subfield code="h">145831</subfield></datafield></record></collection>